%YAML 1.1
%TAG !u! tag:unity3d.com,2011:
--- !u!1 &3937068354677202326
GameObject:
  m_ObjectHideFlags: 0
  m_CorrespondingSourceObject: {fileID: 0}
  m_PrefabInstance: {fileID: 0}
  m_PrefabAsset: {fileID: 0}
  serializedVersion: 6
  m_Component:
  - component: {fileID: 3937068354677202330}
  - component: {fileID: 3937068354677202324}
  - component: {fileID: 3937068354677202327}
  - component: {fileID: 3937068354677202331}
  - component: {fileID: 1856599253}
  - component: {fileID: 1856599254}
  m_Layer: 0
  m_Name: Body
  m_TagString: Untagged
  m_Icon: {fileID: 0}
  m_NavMeshLayer: 0
  m_StaticEditorFlags: 0
  m_IsActive: 1
--- !u!4 &3937068354677202330
Transform:
  m_ObjectHideFlags: 0
  m_CorrespondingSourceObject: {fileID: 0}
  m_PrefabInstance: {fileID: 0}
  m_PrefabAsset: {fileID: 0}
  m_GameObject: {fileID: 3937068354677202326}
  m_LocalRotation: {x: 0, y: -0.6015431, z: 0, w: 0.79884034}
  m_LocalPosition: {x: -3.27, y: 0.9, z: -4.07}
  m_LocalScale: {x: 1, y: 1, z: 1}
  m_Children: []
  m_Father: {fileID: 0}
  m_RootOrder: 0
  m_LocalEulerAnglesHint: {x: 0, y: -73.961006, z: 0}
--- !u!143 &3937068354677202324
CharacterController:
  m_ObjectHideFlags: 0
  m_CorrespondingSourceObject: {fileID: 0}
  m_PrefabInstance: {fileID: 0}
  m_PrefabAsset: {fileID: 0}
  m_GameObject: {fileID: 3937068354677202326}
  m_Material: {fileID: 0}
  m_IsTrigger: 0
  m_Enabled: 1
  serializedVersion: 2
  m_Height: 1.45
  m_Radius: 0.22
  m_SlopeLimit: 45
  m_StepOffset: 0.3
  m_SkinWidth: 0.08
  m_MinMoveDistance: 0.001
  m_Center: {x: 0, y: 0, z: 0}
--- !u!114 &3937068354677202327
MonoBehaviour:
  m_ObjectHideFlags: 0
  m_CorrespondingSourceObject: {fileID: 0}
  m_PrefabInstance: {fileID: 0}
  m_PrefabAsset: {fileID: 0}
  m_GameObject: {fileID: 3937068354677202326}
  m_Enabled: 1
  m_EditorHideFlags: 0
  m_Script: {fileID: 11500000, guid: da673cf6bdee28c4bb767fdd448b4bbf, type: 3}
  m_Name: 
  m_EditorClassIdentifier: 
  m_Speed: 5
  m_Gravity: 9.81
  audioManager: {fileID: 0}
  m_Camera: {fileID: 0}
  m_VirtualCamera: {fileID: 0}
--- !u!114 &3937068354677202331
MonoBehaviour:
  m_ObjectHideFlags: 0
  m_CorrespondingSourceObject: {fileID: 0}
  m_PrefabInstance: {fileID: 0}
  m_PrefabAsset: {fileID: 0}
  m_GameObject: {fileID: 3937068354677202326}
  m_Enabled: 1
  m_EditorHideFlags: 0
  m_Script: {fileID: 11500000, guid: e3aa96094fe07c6409a22f86f457b05a, type: 3}
  m_Name: 
  m_EditorClassIdentifier: 
  m_CastRadius: 0.2
  m_MaxCastDistance: 4
  m_SymbolsOnCanvas:
  - {fileID: 0}
  - {fileID: 0}
  - {fileID: 0}
  - {fileID: 0}
  - {fileID: 0}
  m_CanvasPositions:
  - {x: 0, y: 0.375}
  - {x: 0.45, y: 0.375}
  - {x: -0.45, y: 0.375}
  - {x: 0.875, y: 0.375}
  - {x: -0.875, y: 0.375}
--- !u!114 &1856599253
MonoBehaviour:
  m_ObjectHideFlags: 0
  m_CorrespondingSourceObject: {fileID: 0}
  m_PrefabInstance: {fileID: 0}
  m_PrefabAsset: {fileID: 0}
  m_GameObject: {fileID: 3937068354677202326}
  m_Enabled: 1
  m_EditorHideFlags: 0
  m_Script: {fileID: 11500000, guid: 5face830a57c6ea439109fe3cc59a9f8, type: 3}
  m_Name: 
  m_EditorClassIdentifier: 
  m_ActionText: {fileID: 0}
--- !u!114 &1856599254
MonoBehaviour:
  m_ObjectHideFlags: 0
  m_CorrespondingSourceObject: {fileID: 0}
  m_PrefabInstance: {fileID: 0}
  m_PrefabAsset: {fileID: 0}
  m_GameObject: {fileID: 3937068354677202326}
  m_Enabled: 1
  m_EditorHideFlags: 0
  m_Script: {fileID: 11500000, guid: 43cf5b04579f95641a07721fef6849f8, type: 3}
  m_Name: 
  m_EditorClassIdentifier: 
  m_CastRadius: 0.2
  m_MaxCastDistance: 1.5
  m_ExamineText: {fileID: 0}
  m_ExaminePromt: {fileID: 0}
